@misc{ strass,
   author = "Wikipedia",
   title = "Schönhage–Strassen algorithm --- Wikipedia{,} The Free Encyclopedia",
   year = "2013",
   url = "http://en.wikipedia.org/w/index.php?title=Sch%C3%B6nhage%E2%80%93Strassen_algorithm&oldid=566375677",
   note = "[Online; accessed 17-December-2013]"
 }
 
 @manual{ gmp,
   author = "{GNU Project}",
   title = "The GNU Multiple Precision library, version {\tt 5.1.2}",
   year = "2013",
   url = "http://gmplib.org/"
 }
 
  @manual{ ntl,
   author = "Shoup, Victor",
   title = "Number Theoretic Library, version {\tt 6.0.0}",
   year = "2013",
   url = "http://www.shoup.net/ntl/index.html",
   organization = "New York University"
 } 
 
  @manual{ flint,
   author = "William Hart and Fredrik Johansson and Sebastian Pancratz",
   title = "Fast Library for Number Theory, version {\tt 2.3.0}",
   year = "2012",
   url = "http://www.flintlib.org/"
 } 
  @manual{ time,
   organization = "{GNU Project}",
   title = "GNU time, version {\tt 1.7}",
   year = "2008",
   url = "http://man7.org/linux/man-pages/man1/time.1.html"
 } 
 
 @manual{ ntl_zzx,
   author = "Shoup, Victor",
   title = "Number Theoretic Library, version {\tt 6.0.0}",
   year = "2013",
   url = "http://www.shoup.net/ntl/doc/ZZX.txt",
   note = "Source documentation"
 }
 
 @book{knuth2,
 author = {Knuth, Donald E.},
 title = {The Art of Computer Programming, Volume 2 (3rd Ed.): Seminumerical Algorithms},
 year = {1997},
 isbn = {0-201-89684-2},
 publisher = {Addison-Wesley Longman Publishing Co., Inc.},
 address = {Boston, MA, USA},
}
 
 @manual{pari,
      author = "{The PARI~Group}",
      title        = "{PARI/GP, version {\tt 2.5.5}}",
      year         = 2013,
      address      = "Bordeaux",
      url	   = "http://pari.math.u-bordeaux.fr/",
      organization = "Université Bordeaux"
    }
 
 @misc{ toom-cook,
   author = "Wikipedia",
   title = "Toom–Cook multiplication --- Wikipedia{,} The Free Encyclopedia",
   year = "2013",
   url = "http://en.wikipedia.org/w/index.php?title=Toom%E2%80%93Cook_multiplication&oldid=551043219",
   note = "[Online; accessed 17-December-2013]"
 }
 
 @incollection{tuttebook,
 year={2011},
 isbn={978-0-8176-4788-9},
 booktitle={Structural Analysis of Complex Networks},
 editor={Dehmer, Matthias},
 doi={10.1007/978-0-8176-4789-6_9},
 title={Graph Polynomials and Their Applications {I}: The {T}utte Polynomial},
 url={http://dx.doi.org/10.1007/978-0-8176-4789-6_9},
 publisher={Birkhäuser Boston},
 keywords={Tutte polynomial; Graph polynomial; Chromatic polynomial; Flow polynomial; Reliability polynomial; Shelling polynomial; Abelian sandpile model; Spanning tree; Beta invariant},
 author={Ellis-Monaghan, JoannaA. and Merino, Criel},
 pages={219-255},
 language={English}
}
 
 @article{haggard,
 author = {Haggard, Gary and Pearce, David J. and Royle, Gordon},
 title = {Computing {T}utte Polynomials},
 journal = {ACM Trans. Math. Softw.},
 issue_date = {September 2010},
 volume = {37},
 number = {3},
 month = sep,
 year = {2010},
 issn = {0098-3500},
 pages = {24:1--24:17},
 articleno = {24},
 numpages = {17},
 url = {http://doi.acm.org/10.1145/1824801.1824802},
 doi = {10.1145/1824801.1824802},
 acmid = {1824802},
 publisher = {ACM},
 address = {New York, NY, USA},
 keywords = {Chromatic polynomial, Tutte polynomial, flow polynomial, graph polynomial, graph theory},
}

@article{birkhoff,
     jstor_articletype = {research-article},
     title = {A Determinant Formula for the Number of Ways of Coloring a Map},
     author = {Birkhoff, George D.},
     journal = {Annals of Mathematics},
     jstor_issuetitle = {},
     volume = {14},
     number = {1/4},
     series = {Second Series},
     jstor_formatteddate = {1912 - 1913},
     pages = {pp. 42-46},
     url = {http://www.jstor.org/stable/1967597},
     ISSN = {0003486X},
     abstract = {},
     language = {English},
     year = {1912},
     publisher = {Annals of Mathematics},
     copyright = {},
    }

@article{cov_pack,
title = "Covering and packing in linear space ",
journal = "Information Processing Letters ",
volume = "111",
number = "21–22",
pages = "1033 - 1036",
year = "2011",
note = "",
issn = "0020-0190",
doi = "http://dx.doi.org/10.1016/j.ipl.2011.08.002",
url = "http://www.sciencedirect.com/science/article/pii/S0020019011002237",
author = "Andreas Björklund and Thore Husfeldt and Petteri Kaski and Mikko Koivisto",
keywords = "Algorithms",
keywords = "Chromatic polynomial",
keywords = "Zeta transform "
}

@article{chaitin,
 author = {Chaitin, Gregory},
 title = {Register Allocation and Spilling via Graph Coloring},
 journal = {SIGPLAN Not.},
 issue_date = {April 2004},
 volume = {39},
 number = {4},
 month = apr,
 year = {2004},
 issn = {0362-1340},
 pages = {66--74},
 numpages = {9},
 url = {http://doi.acm.org/10.1145/989393.989403},
 doi = {10.1145/989393.989403},
 acmid = {989403},
 publisher = {ACM},
 address = {New York, NY, USA},
} 

@article{pottsmodel,
title = "Chromatic polynomials, Potts models and all that ",
journal = "Physica A: Statistical Mechanics and its Applications ",
volume = "279",
number = "1–4",
pages = "324 - 332",
year = "2000",
note = "",
issn = "0378-4371",
doi = "http://dx.doi.org/10.1016/S0378-4371(99)00519-1",
url = "http://www.sciencedirect.com/science/article/pii/S0378437199005191",
author = "Alan D Sokal",
keywords = "Chromatic polynomial",
keywords = "Potts model",
keywords = "Antiferromagnetic Potts model "
}

@article{akbari,
 author = {Akbari, S. and Mirrokni, V. S. and Sadjad, B. S.},
 title = {Kr-free Uniquely Vertex Colorable Graphs with Minimum Possible Edges},
 journal = {J. Comb. Theory Ser. B},
 issue_date = {July 2001},
 volume = {82},
 number = {2},
 month = jul,
 year = {2001},
 issn = {0095-8956},
 pages = {316--318},
 numpages = {3},
 url = {http://dx.doi.org/10.1006/jctb.2000.2028},
 doi = {10.1006/jctb.2000.2028},
 acmid = {569525},
 publisher = {Academic Press, Inc.},
 address = {Orlando, FL, USA},
}

@article{hillar_windfeldt,
title = "Algebraic characterization of uniquely vertex colorable graphs ",
journal = "Journal of Combinatorial Theory, Series B ",
volume = "98",
number = "2",
pages = "400 - 414",
year = "2008",
note = "",
issn = "0095-8956",
doi = "http://dx.doi.org/10.1016/j.jctb.2007.08.004",
url = "http://www.sciencedirect.com/science/article/pii/S009589560700086X",
author = "Christopher J. Hillar and Troels Windfeldt",
keywords = "Vertex coloring",
keywords = "Gröbner basis",
keywords = "Colorability algorithm",
keywords = "Uniquely colorable graph "
}

@INPROCEEDINGS{marx,
    author = {Dániel Marx},
    title = {Graph Coloring Problems and Their Applications in Scheduling},
    booktitle = {In proc. John von Neumann PhD students conference},
    year = {2004},
    pages = {1--2},
    publisher = {}
}

@article{whitney,
     jstor_articletype = {research-article},
     title = {The Coloring of Graphs},
     author = {Whitney, Hassler},
     journal = {Annals of Mathematics},
     jstor_issuetitle = {},
     volume = {33},
     number = {4},
     series = {Second Series},
     jstor_formatteddate = {Oct., 1932},
     pages = {pp. 688-718},
     url = {http://www.jstor.org/stable/1968214},
     ISSN = {0003486X},
     abstract = {},
     language = {English},
     year = {1932},
     publisher = {Annals of Mathematics},
     copyright = {Copyright © 1932 Annals of Mathematics},
    }
    
    
